@inproceedings{xu2005privacy,
  title={Privacy-preserving alert correlation: a concept hierarchy based approach},
  author={Xu, Dingbang and Ning, Peng},
  booktitle={21st Annual Computer Security Applications Conference (ACSAC'05)},
  pages={10--pp},
  year={2005},
  organization={IEEE}
}

@misc{cover1991elements,
  title={Elements of information theory},
  author={Cover, Thomas M and Thomas, Joy A},
  year={1991},
  publisher={Wiley, New York}
}

@misc{parekh2005privacy,
  title={Privacy-Preserving Distributed Event Correlation},
  author={Parekh, Janak J},
  year={2005},
  publisher={July}
}

@inproceedings{lincoln2004privacy,
  title={Privacy-Preserving Sharing and Correlation of Security Alerts.},
  author={Lincoln, Patrick and Porras, Phillip A and Shmatikov, Vitaly},
  booktitle={USENIX Security Symposium},
  pages={239--254},
  year={2004}
}

@inproceedings{parekh2006privacy,
  title={Privacy-preserving payload-based correlation for accurate malicious traffic detection},
  author={Parekh, Janak J and Wang, Ke and Stolfo, Salvatore J},
  booktitle={Proceedings of the 2006 SIGCOMM workshop on Large-scale attack defense},
  pages={99--106},
  year={2006},
  organization={ACM}
}

@phdthesis{wang2006network,
  title={Network payload-based anomaly detection and content-based alert correlation},
  author={Wang, Ke},
  year={2006},
  school={Columbia University}
}

@inproceedings{freudiger2015controlled,
  title={Controlled data sharing for collaborative predictive blacklisting},
  author={Freudiger, Julien and De Cristofaro, Emiliano and Brito, Alejandro E},
  booktitle={International Conference on Detection of Intrusions and Malware, and Vulnerability Assessment},
  pages={327--349},
  year={2015},
  organization={Springer}
}
@inproceedings{wagner2016misp,
  title={MISP: The Design and Implementation of a Collaborative Threat Intelligence Sharing Platform},
  author={Wagner, Cynthia and Dulaunoy, Alexandre and Wagener, G{\'e}rard and Iklody, Andras},
  booktitle={Proceedings of the 2016 ACM on Workshop on Information Sharing and Collaborative Security},
  pages={49--56},
  year={2016},
  organization={ACM}
}

@inproceedings{van2016private,
  title={Private Sharing of IOCs and Sightings},
  author={van de Kamp, Tim and Peter, Andreas and Everts, Maarten H and Jonker, Willem},
  booktitle={Proceedings of the 2016 ACM on Workshop on Information Sharing and Collaborative Security},
  pages={35--38},
  year={2016},
  organization={ACM}
}
