@inproceedings{xu2005privacy,
  title={Privacy-preserving alert correlation: a concept hierarchy based approach},
  author={Xu, Dingbang and Ning, Peng},
  booktitle={21st Annual Computer Security Applications Conference (ACSAC'05)},
  pages={10--pp},
  year={2005},
  organization={IEEE}
}

@misc{cover1991elements,
  title={Elements of information theory},
  author={Cover, Thomas M and Thomas, Joy A},
  year={1991},
  publisher={Wiley, New York}
}

@misc{parekh2005privacy,
  title={Privacy-Preserving Distributed Event Correlation},
  author={Parekh, Janak J},
  year={2005},
  publisher={July}
}

@inproceedings{lincoln2004privacy,
  title={Privacy-Preserving Sharing and Correlation of Security Alerts.},
  author={Lincoln, Patrick and Porras, Phillip A and Shmatikov, Vitaly},
  booktitle={USENIX Security Symposium},
  pages={239--254},
  year={2004}
}

@inproceedings{parekh2006privacy,
  title={Privacy-preserving payload-based correlation for accurate malicious traffic detection},
  author={Parekh, Janak J and Wang, Ke and Stolfo, Salvatore J},
  booktitle={Proceedings of the 2006 SIGCOMM workshop on Large-scale attack defense},
  pages={99--106},
  year={2006},
  organization={ACM}
}

@phdthesis{wang2006network,
  title={Network payload-based anomaly detection and content-based alert correlation},
  author={Wang, Ke},
  year={2006},
  school={Columbia University}
}

@inproceedings{freudiger2015controlled,
  title={Controlled data sharing for collaborative predictive blacklisting},
  author={Freudiger, Julien and De Cristofaro, Emiliano and Brito, Alejandro E},
  booktitle={International Conference on Detection of Intrusions and Malware, and Vulnerability Assessment},
  pages={327--349},
  year={2015},
  organization={Springer}
}
@inproceedings{wagner2016misp,
  title={MISP: The Design and Implementation of a Collaborative Threat Intelligence Sharing Platform},
  author={Wagner, Cynthia and Dulaunoy, Alexandre and Wagener, G{\'e}rard and Iklody, Andras},
  booktitle={Proceedings of the 2016 ACM on Workshop on Information Sharing and Collaborative Security},
  pages={49--56},
  year={2016},
  organization={ACM}
}

@inproceedings{van2016private,
  title={Private Sharing of IOCs and Sightings},
  author={van de Kamp, Tim and Peter, Andreas and Everts, Maarten H and Jonker, Willem},
  booktitle={Proceedings of the 2016 ACM on Workshop on Information Sharing and Collaborative Security},
  pages={35--38},
  year={2016},
  organization={ACM}
}

@article{johnson2016guide,
  title={Guide to cyber threat information sharing},
  author={Johnson, Chris and Badger, Lee and Waltermire, David and Snyder, Julie and Skorupka, Clem},
  journal={NIST Special Publication},
  volume={800},
  pages={150},
  year={2016}
}

@misc{FirstTLP,
author = {FIRST},
title = {TRAFFIC LIGHT PROTOCOL (TLP) FIRST Standards Definitions and Usage Guidance — Version 1.0},
year = {June 2016}, 
howpublished = "\url{https://www.first.org/tlp}" }

@inproceedings{white2017state,
  title={State and Community Information Sharing and Analysis Organizations},
  author={White, Gregory and Harrison, Keith},
  booktitle={Proceedings of the 50th Hawaii International Conference on System Sciences},
  year={2017}
}

@book{johnson2014guide,
  title={Guide to cyber threat information sharing (draft)},
  author={Johnson, Chris and Badger, Lee and Waltermire, David},
  year={2014}
}

@ARTICLE {enisaguide2009,
    author  = "ENISA",
    title   = "Good Practice Guide Network Security Information Exchange",
    month   = "jun",
    year		= {2009}
}

@ARTICLE {eisasRapport,
    author  = "ENISA",
    title   = "EISAS – European Information Sharing and Alert System for citizens and SMEs",
    month   = "oct",
    year		= {2011}
}

@article{mohaisen2017rethinking,
  title={Rethinking information sharing for actionable threat intelligence},
  author={Mohaisen, Aziz and Al-Ibrahim, Omar and Kamhoua, Charles and Kwiat, Kevin and Njilla, Laurent},
  journal={arXiv preprint arXiv:1702.00548},
  year={2017}
}

@article{MalikThreat,
  title={Threat intelligence sharing: The only way to combat our growing skills gap.},
  author={J. Malik},
  journal={Information Security Magazine},
  month   = "jun",
  year={2016}
}

@article{sweeney2002k,
  title={k-anonymity: A model for protecting privacy},
  author={Sweeney, Latanya},
  journal={International Journal of Uncertainty, Fuzziness and Knowledge-Based Systems},
  volume={10},
  number={05},
  pages={557--570},
  year={2002},
  publisher={World Scientific}
}

@article{machanavajjhala2007diversity,
  title={l-diversity: Privacy beyond k-anonymity},
  author={Machanavajjhala, Ashwin and Kifer, Daniel and Gehrke, Johannes and Venkitasubramaniam, Muthuramakrishnan},
  journal={ACM Transactions on Knowledge Discovery from Data (TKDD)},
  volume={1},
  number={1},
  pages={3},
  year={2007},
  publisher={ACM}
}

@inproceedings{dwork2008differential,
  title={Differential privacy: A survey of results},
  author={Dwork, Cynthia},
  booktitle={International Conference on Theory and Applications of Models of Computation},
  pages={1--19},
  year={2008},
  organization={Springer}
}

@article{connolly2014trusted,
  title={The trusted automated exchange of indicator information (taxii)},
  author={Connolly, Julie and Davidson, Mark and Schmidt, Charles},
  journal={The MITRE Corporation},
  year={2014}
}

@misc{taxiiWebsite,
title = {About TAXII}, 
howpublished = "\url{https://taxiiproject.github.io/about/}" }

@article{fransen2015cyber,
  title={Cyber security information exchange to gain insight into the effects of cyber threats and incidents},
  author={Fransen, Frank and Smulders, Andre and Kerkdijk, Richard},
  journal={e \& i Elektrotechnik und Informationstechnik},
  volume={132},
  number={2},
  pages={106--112},
  year={2015},
  publisher={Springer}
}

@article{barnum2012standardizing,
  title={Standardizing cyber threat intelligence information with the Structured Threat Information eXpression (STIX™)},
  author={Barnum, Sean},
  journal={MITRE Corporation},
  volume={11},
  year={2012}
}

@article{barnum2012cybox,
  title={The CybOX Language Specification},
  author={Barnum, Sean and Martin, Robert and Worrell, Bryan and Kirillov, Ivan},
  journal={draft, The MITRE Corporation},
  year={2012}
}

@misc{AwesomeTreat,
title = {Awesome threat intelligence}, 
howpublished = "\url{https://github.com/hslatman/awesome-threat-intelligence}" }

@misc{MispDraft,
title = { MISP core format}, 
author={A. Dulaunoy, A. Iklody},
howpublished = "\url{https://tools.ietf.org/html/draft-dulaunoy-misp-core-format-01}" }

@article{sauerwein2017threat,
  title={Threat Intelligence Sharing Platforms: An Exploratory Study of Software Vendors and Research Perspectives},
  author={Sauerwein, Clemens and Sillaber, Christian and Mussmann, Andrea and Breu, Ruth},
  year={2017}
}

@article{swamidass2007mathematical,
  title={Mathematical correction for fingerprint similarity measures to improve chemical retrieval},
  author={Swamidass, S Joshua and Baldi, Pierre},
  journal={Journal of chemical information and modeling},
  volume={47},
  number={3},
  pages={952--964},
  year={2007},
  publisher={ACS Publications}
}

@article{li2005private,
  title={Private matching},
  author={Li, Yaping and Tygar, J and Hellerstein, Joseph},
  journal={Computer Security in the 21st Century},
  pages={25--50},
  year={2005},
  publisher={Springer}
}

@inproceedings{agrawal2003information,
  title={Information sharing across private databases},
  author={Agrawal, Rakesh and Evfimievski, Alexandre and Srikant, Ramakrishnan},
  booktitle={Proceedings of the 2003 ACM SIGMOD international conference on Management of data},
  pages={86--97},
  year={2003},
  organization={ACM}
}

@misc{cryptoeprint,
    author = {Hugo Krawczyk},
    title = {Cryptographic Extraction and Key Derivation: The HKDF Scheme},
    howpublished = {Cryptology ePrint Archive, Report 2010/264},
    year = {2010},
    note = {\url{http://eprint.iacr.org/2010/264}},
}

@inproceedings{lee2005url,
  title={On URL normalization},
  author={Lee, Sang Ho and Kim, Sung Jin and Hong, Seok Hoo},
  booktitle={International Conference on Computational Science and Its Applications},
  pages={1076--1085},
  year={2005},
  organization={Springer}
}

@misc{wikiNormalizationURL,
    title = {URL normalization},
    howpublished = {wikipedia},
    note = {\url{https://en.wikipedia.org/wiki/URL_normalization}},
}

@inproceedings{van2015password,
  title={Password meters and generators on the web: From large-scale empirical study to getting it right},
  author={Van Acker, Steven and Hausknecht, Daniel and Joosen, Wouter and Sabelfeld, Andrei},
  booktitle={Proceedings of the 5th ACM Conference on Data and Application Security and Privacy},
  pages={253--262},
  year={2015},
  organization={ACM}
}

@article{turan2010nist,
  title={NIST: Special Publication 800-132, Recommendation for Password-Based Key Derivation},
  author={Turan, Meltem Snmez and Barker, Elaine and Burr, William and Chen, Lily},
  journal={Computer Security Division Information Technology Laboratory. http://csrc. nist. gov/publications/nistpubs/800-132/nist-sp800-132. pdf},
  year={2010}
}
